@inproceedings{wordgcn2019,
    title = "Incorporating Syntactic and Semantic Information in Word Embeddings using Graph Convolutional Networks",
    author = "Vashishth, Shikhar  and
      Bhandari, Manik  and
      Yadav, Prateek  and
      Rai, Piyush  and
      Bhattacharyya, Chiranjib  and
      Talukdar, Partha",
    booktitle = "Proceedings of the 57th Conference of the Association for Computational Linguistics",
    month = jul,
    year = "2019",
    address = "Florence, Italy",
    publisher = "Association for Computational Linguistics",
    url = "https://www.aclweb.org/anthology/P19-1320",
    pages = "3308--3318"
}

@inproceedings{transformer,
 author = {Vaswani, Ashish and Shazeer, Noam and Parmar, Niki and Uszkoreit, Jakob and Jones, Llion and Gomez, Aidan N and Kaiser, \L ukasz and Polosukhin, Illia},
 booktitle = {Advances in Neural Information Processing Systems},
 editor = {I. Guyon and U. V. Luxburg and S. Bengio and H. Wallach and R. Fergus and S. Vishwanathan and R. Garnett},
 pages = {},
 publisher = {Curran Associates, Inc.},
 title = {Attention is All you Need},
 url = {https://proceedings.neurips.cc/paper/2017/file/3f5ee243547dee91fbd053c1c4a845aa-Paper.pdf},
 volume = {30},
 year = {2017}
}
@misc{transfomer-survey,
  doi = {10.48550/ARXIV.2106.04554},
  
  url = {https://arxiv.org/abs/2106.04554},
  
  author = {Lin, Tianyang and Wang, Yuxin and Liu, Xiangyang and Qiu, Xipeng},
  
  keywords = {Machine Learning (cs.LG), Artificial Intelligence (cs.AI), Computation and Language (cs.CL), FOS: Computer and information sciences, FOS: Computer and information sciences},
  
  title = {A Survey of Transformers},
  
  publisher = {arXiv},
  
  year = {2021},
  
  copyright = {arXiv.org perpetual, non-exclusive license}
}
