%%
%% WinShell 3.3.2.6
%% http://www.winshell.org/
%%

% Strings


% Preamble


% BibTeX Entries

@online{Ethnologue,
  author = {Ethnologue.com},
  title = {How many languages are there in the world?},
  url = {https://www.ethnologue.com/guides/how-many-languages},
  urldate = {2022-07-24}
}

@online{seq2seq,
  author = {d2l-ai},
  title = {Sequence to Sequence Learning},
  url = {https://colab.research.google.com/github/d2l-ai/d2l-en-colab/blob/master/chapter_recurrent-modern/seq2seq.ipynb#scrollTo=l8L1lXZknvp8},
  urldate = {2022-07-24}
}

@online{github.wordgcn,
  author = {MALL Lab (IISc)},
  title = {WordGCN},
  url = {https://github.com/malllabiisc/WordGCN},
  urldate = {2022-07-24}
}


@online{lstm,
  author = {datadriveninvestor},
  title = {How do lstm networks solve the problem of vanishing gradients},
  url = {https://medium.com/datadriveninvestor/how-do-lstm-networks-solve-the-problem-of-vanishing-gradients-a6784971a577},
  urldate = {2022-07-24}
}

@online{illustrated.transformer,
  author = {Jay Alammar},
  title = {The Illustrated Transformer},
  url = {https://jalammar.github.io/illustrated-transformer/},
  urldate = {2022-07-24}
}

@online{lil.transformer,
  author = {Lilian Weng},
  title = {Attention? Attention!},
  url = {https://lilianweng.github.io/posts/2018-06-24-attention/},
  urldate = {2022-07-24}
}

@online{annotated.transformer,
  author = {Alexander Rush},
  title = {The Annotated Transformer},
  url = {http://nlp.seas.harvard.edu/2018/04/03/attention.html},
  urldate = {2022-07-24}
}

@ARTICLE{2020arXiv200410643N,
       author = {{Nivre}, Joakim and {de Marneffe}, Marie-Catherine and {Ginter}, Filip and {Haji{\v{c}}}, Jan and {Manning}, Christopher D. and {Pyysalo}, Sampo and {Schuster}, Sebastian and {Tyers}, Francis and {Zeman}, Daniel},
        title = "{Universal Dependencies v2: An Evergrowing Multilingual Treebank Collection}",
      journal = {arXiv e-prints},
     keywords = {Computer Science - Computation and Language},
         year = 2020,
        month = apr,
          eid = {arXiv:2004.10643},
        pages = {arXiv:2004.10643},
archivePrefix = {arXiv},
       eprint = {2004.10643},
 primaryClass = {cs.CL},
       adsurl = {https://ui.adsabs.harvard.edu/abs/2020arXiv200410643N},
      adsnote = {Provided by the SAO/NASA Astrophysics Data System}
}

@inproceedings{wmt14,
title = "Findings of the 2014 Workshop on Statistical Machine Translation",
author = "Ondrej Bojar and Christian Buck and Christian Federmann and Barry Haddow and Philipp Koehn and Johannes Leveling and Christof Monz and Pavel Pecina and Matt Post and Herve Saint-Amand and Radu Soricut and Lucia Specia and Ales Tamchyna",
year = "2014",
month = jun,
day = "1",
language = "English",
pages = "12--58",
booktitle = "Proceedings of the Ninth Workshop on Statistical Machine Translation",
publisher = "Association for Computational Linguistics",
}

@article{chemistry,
  author = {Stefi, Nouleho and Barth, Dominique and David, Olivier and Quessette, Franck and Weisser, Marc-Antoine and Watel, Dimitri},
  year = {2019},
  month = {12},
  pages = {e0226680},
  title = {Improving graphs of cycles approach to structural similarity of molecules},
  volume = {14},
  journal = {PLOS ONE},
  doi = {10.1371/journal.pone.0226680}
}

@ARTICLE{2014arXiv1409.0473B,
       author = {{Bahdanau}, Dzmitry and {Cho}, Kyunghyun and {Bengio}, Yoshua},
        title = "{Neural Machine Translation by Jointly Learning to Align and Translate}",
      journal = {arXiv e-prints},
     keywords = {Computer Science - Computation and Language, Computer Science - Machine Learning, Computer Science - Neural and Evolutionary Computing, Statistics - Machine Learning},
         year = 2014,
        month = sep,
          eid = {arXiv:1409.0473},
        pages = {arXiv:1409.0473},
archivePrefix = {arXiv},
       eprint = {1409.0473},
 primaryClass = {cs.CL},
       adsurl = {https://ui.adsabs.harvard.edu/abs/2014arXiv1409.0473B},
      adsnote = {Provided by the SAO/NASA Astrophysics Data System}
}

@inproceedings{wordgcn2019,
    title = "Incorporating Syntactic and Semantic Information in Word Embeddings using Graph Convolutional Networks",
    author = "Vashishth, Shikhar  and
      Bhandari, Manik  and
      Yadav, Prateek  and
      Rai, Piyush  and
      Bhattacharyya, Chiranjib  and
      Talukdar, Partha",
    booktitle = "Proceedings of the 57th Conference of the Association for Computational Linguistics",
    month = jul,
    year = "2019",
    address = "Florence, Italy",
    publisher = "Association for Computational Linguistics",
    url = "https://www.aclweb.org/anthology/P19-1320",
    pages = "3308--3318"
}

@inproceedings{transformer,
 author = {Vaswani, Ashish and Shazeer, Noam and Parmar, Niki and Uszkoreit, Jakob and Jones, Llion and Gomez, Aidan N and Kaiser, \L ukasz and Polosukhin, Illia},
 booktitle = {Advances in Neural Information Processing Systems},
 editor = {I. Guyon and U. V. Luxburg and S. Bengio and H. Wallach and R. Fergus and S. Vishwanathan and R. Garnett},
 pages = {},
 publisher = {Curran Associates, Inc.},
 title = {Attention is All you Need},
 url = {https://proceedings.neurips.cc/paper/2017/file/3f5ee243547dee91fbd053c1c4a845aa-Paper.pdf},
 volume = {30},
 year = {2017}
}

@misc{transfomer-survey,
  doi = {10.48550/ARXIV.2106.04554},
  
  url = {https://arxiv.org/abs/2106.04554},
  
  author = {Lin, Tianyang and Wang, Yuxin and Liu, Xiangyang and Qiu, Xipeng},
  
  keywords = {Machine Learning (cs.LG), Artificial Intelligence (cs.AI), Computation and Language (cs.CL), FOS: Computer and information sciences, FOS: Computer and information sciences},
  
  title = {A Survey of Transformers},
  
  publisher = {arXiv},
  
  year = {2021},
  
  copyright = {arXiv.org perpetual, non-exclusive license}
}
